@article{Cha18,
  author          = {Sourav Chatterjee and Persi Diaconis},
  journal         = {The Annals of Applied Probability},
  number          = {2},
  title           = {The sample size required in importance sampling},
  volume          = {28},
  year            = {2018}
}

@article{Ion08,
  author          = {Edward L. Ionides},
  journal         = {Journal of Computational and Graphical Statistics},
  number          = {2},
  title           = {Truncated Importance sampling},
  volume          = {17},
  year            = {2008}
}

@article{Veh22,
  author          = {Aki Vehtari and Daniel Simpson and Andrew Gelman and Yuling Yao and Jonah Gabry},
  journal         = {ArXiv},
  number          = {},
  title           = {Pareto smoothed importance sampling},
  volume          = {},
  year            = {2022}
}

@article{Aky21,
  author          = {{\"O}mer Deniz Akyildiz and Joaqu{\'i}n M{\'i}guez},
  journal         = {Statistics and Computing},
  number          = {12},
  title           = {Convergence rates for optimized adaptive importance samplers},
  volume          = {31},
  year            = {2021}
}