@article{Aky21,
  author          = {Akyildiz, \"Omer Deniz and M{\'i}guez, Joaqu{\'i}n},
  journal         = {Statistics and Computing},
  number          = {2},
  title           = {Convergence rates for optimized adaptive importance samplers},
  volume          = {31},
  year            = {2021}
}


@article{Pic75,
  author          = {James {Pickands III}},
  journal         = {The Annals of Statistics},
  number          = {1},
  title           = {Statistical inference using extreme order statistics},
  volume          = {3},
  year            = {1975}
}



@article{Veh22,
  author          = {Aki Vehtari and Daniel Simpson and Andrew Gelman and Yuling Yao and Jonah Gabry},
  journal         = {arXiv},
  title           = {Pareto Smoothed Importance Sampling},
  year            = {2022}
}

@book{deH06,
  author         = {Laurens {de Haan} and Ana Ferreira},
  editor         = {},
  publisher      = {Springer},
  title          = {Extreme value theory: an introduction},
  year           = {2006}
}