@article{Aky21,
  author          = {Akyildiz, \"Omer Deniz and M{\'i}guez, Joaqu{\'i}n},
  journal         = {Statistics and Computing},
  number          = {2},
  title           = {Convergence rates for optimized adaptive importance samplers},
  volume          = {31},
  year            = {2021}
}